<?xml version="1.0" encoding="UTF-8"?>
<Document xmlns="urn:iso:std:iso:20022:tech:xsd:camt.053.001.02">
    <BkToCstmrStmt>
        <GrpHdr>
            <MsgId>MSG-2026-001</MsgId>
            <CreDtTm>2026-03-15T10:00:00</CreDtTm>
        </GrpHdr>
        <Stmt>
            <Id>STMT-001</Id>
            <CreDtTm>2026-03-15T10:00:00</CreDtTm>
            <FrToDt>
                <FrDtTm>2026-03-01T00:00:00</FrDtTm>
                <ToDtTm>2026-03-15T23:59:59</ToDtTm>
            </FrToDt>
            <Acct>
                <Id>
                    <IBAN>DE89370400440532013000</IBAN>
                </Id>
                <Ccy>EUR</Ccy>
            </Acct>
            <Bal>
                <Tp>
                    <CdOrPrtry>
                        <Cd>OPBD</Cd>
                    </CdOrPrtry>
                </Tp>
                <Amt Ccy="EUR">1000.00</Amt>
                <CdtDbtInd>CRDT</CdtDbtInd>
                <Dt>
                    <Dt>2026-03-01</Dt>
                </Dt>
            </Bal>
            <Bal>
                <Tp>
                    <CdOrPrtry>
                        <Cd>CLBD</Cd>
                    </CdOrPrtry>
                </Tp>
                <Amt Ccy="EUR">1119.00</Amt>
                <CdtDbtInd>CRDT</CdtDbtInd>
                <Dt>
                    <Dt>2026-03-15</Dt>
                </Dt>
            </Bal>
            <Ntry>
                <NtryRef>NTRY-2026-03-10-001</NtryRef>
                <Amt Ccy="EUR">119.00</Amt>
                <CdtDbtInd>CRDT</CdtDbtInd>
                <Sts>BOOK</Sts>
                <BookgDt>
                    <Dt>2026-03-10</Dt>
                </BookgDt>
                <ValDt>
                    <Dt>2026-03-10</Dt>
                </ValDt>
                <BkTxCd>
                    <Domn>
                        <Cd>PMNT</Cd>
                        <Fmly>
                            <Cd>RCDT</Cd>
                            <SubFmlyCd>ESCT</SubFmlyCd>
                        </Fmly>
                    </Domn>
                </BkTxCd>
                <NtryDtls>
                    <TxDtls>
                        <Refs>
                            <EndToEndId>RE-2026-0001</EndToEndId>
                        </Refs>
                        <AmtDtls>
                            <TxAmt>
                                <Amt Ccy="EUR">119.00</Amt>
                            </TxAmt>
                        </AmtDtls>
                        <RltdPties>
                            <Dbtr>
                                <Nm>Max Mustermann</Nm>
                            </Dbtr>
                            <DbtrAcct>
                                <Id>
                                    <IBAN>DE27100777770209299700</IBAN>
                                </Id>
                            </DbtrAcct>
                        </RltdPties>
                        <RmtInf>
                            <Ustrd>Payment for invoice RE-2026-0001</Ustrd>
                        </RmtInf>
                    </TxDtls>
                </NtryDtls>
            </Ntry>
        </Stmt>
    </BkToCstmrStmt>
</Document>
